@book{1,
  title={Úvod do praktické fyziky I},
  author={J. Englich},
  isbn={80-86732-93-2},
  series={},
  address={Praha},
  date ={2006},
  publisher={Matfyzpress},
  keywords = {physics}
}

@online{2,
title={Štúdium rezonancie v obvode online},
url = {https://physics.mff.cuni.cz/vyuka/zfp/_media/zadani/texty/txt_208.pdf},
urldate = {2019-10-26}}