@online{prak,
title={Štúdium elektrolytov online},
url = {https://physics.mff.cuni.cz/vyuka/zfp/_media/zadani/texty/txt_226.pdf},
urldate = {2019-12-18}}

@book{stat,
  title={Úvod do praktické fyziky I},
  author={J. Englich},
  isbn={80-86732-93-2},
  series={},
  address={Praha},
  date ={2006},
  publisher={Matfyzpress},
  keywords = {physics}
}

@book{solid,
  title={Soviet Physics, Solid State 4},
  author={M. I. Iglitsyn and E. M. Omelyanovskii},
  lccn={61000583},
  issn={0038-5654},
  year={1962},
  publisher={American Institute of Physics},
  pages={784-785}
}

@online{wiki,
title={Elektrický náboj},
url = {https://en.wikipedia.org/wiki/Electron},
urldate = {2019-12-18}}

@online{avo,
title={Avogadrova konštanta},
url = {https://en.wikipedia.org/wiki/Avogadro_constant},
urldate = {2019-12-18}}

% @online{tab,
% title={Štúdium permitivít prostredí online},
% url = {https://www.engineeringtoolbox.com/relative-permittivity-d_1660.html},
% urldate = {2019-12-09}}
